<record><leader>00000cas a22000007a 4500</leader><controlfield tag="001">10915788</controlfield><controlfield tag="008">840705d18521865ohuwr ne      0    0eng d</controlfield><datafield ind1=" " ind2=" " tag="010"><subfield code="a">sn 84028294 </subfield></datafield><datafield ind1=" " ind2=" " tag="040"><subfield code="a">NPY</subfield><subfield code="b">eng</subfield><subfield code="c">NPY</subfield><subfield code="d">NPX</subfield><subfield code="d">DLC</subfield><subfield code="d">ONP</subfield><subfield code="d">NVF</subfield><subfield code="d">DLC</subfield><subfield code="d">CNK</subfield><subfield code="d">OCL</subfield><subfield code="d">OCLCQ</subfield><subfield code="d">CRL</subfield><subfield code="d">OCLCQ</subfield><subfield code="d">OCLCF</subfield></datafield><datafield ind1="1" ind2=" " tag="029"><subfield code="a">AU@</subfield><subfield code="b">000025793912</subfield></datafield><datafield ind1=" " ind2=" " tag="042"><subfield code="a">msc</subfield></datafield><datafield ind1=" " ind2=" " tag="043"><subfield code="a">n-us-oh</subfield></datafield><datafield ind1="0" ind2="0" tag="050"><subfield code="a">Newspaper 9214-X</subfield></datafield><datafield ind1="0" ind2=" " tag="130"><subfield code="a">North-west (Napoleon, Ohio)</subfield></datafield><datafield ind1="1" ind2="4" tag="245"><subfield code="a">The North-west.</subfield></datafield><datafield ind1="3" ind2="0" tag="246"><subfield code="a">Northwest</subfield></datafield><datafield ind1=" " ind2=" " tag="260"><subfield code="a">Napoleon, Ohio :</subfield><subfield code="b">A.M. Hollabaugh,</subfield><subfield code="c">1852-1865.</subfield></datafield><datafield ind1=" " ind2=" " tag="300"><subfield code="a">v. :</subfield><subfield code="b">ill. ;</subfield><subfield code="c">48-58 cm.</subfield></datafield><datafield ind1=" " ind2=" " tag="310"><subfield code="a">Weekly</subfield></datafield><datafield ind1="0" ind2=" " tag="362"><subfield code="a">Vol. 1, no. 1 (Sept. 8, 1852)-v. 13, no. 51 (Dec. 28, 1865).</subfield></datafield><datafield ind1=" " ind2=" " tag="500"><subfield code="a">Published as: Northwest, Aug. 24, 1865-Dec. 28, 1865.</subfield></datafield><datafield ind1=" " ind2=" " tag="500"><subfield code="a">Publishers: A.M. Hollabaugh, 1852-1854; T.S.C. Morrison, 1854-&lt;1864&gt;; Adams &amp; Pomeroy, &lt;1865&gt;.</subfield></datafield><datafield ind1=" " ind2=" " tag="500"><subfield code="a">"Democratic." Cf. Gutgesell, S. Guide to Ohio newspapers, 1974.</subfield></datafield><datafield ind1=" " ind2=" " tag="500"><subfield code="a">Editors: A.M. Hollabaugh, &lt;1852&gt;; J.M. Haag, &lt;1865&gt;.</subfield></datafield><datafield ind1=" " ind2=" " tag="515"><subfield code="a">Suspended from May 4, 1864-June 16, 1864.</subfield></datafield><datafield ind1=" " ind2=" " tag="530"><subfield code="a">Available on microfilm from The Microfilm Corp.</subfield></datafield><datafield ind1=" " ind2=" " tag="588"><subfield code="a">Latest issue consulted: Vol. 13, no. 51 (Dec. 28, 1865).</subfield></datafield><datafield ind1=" " ind2="0" tag="651"><subfield code="a">Napoleon (Ohio)</subfield><subfield code="v">Newspapers.</subfield></datafield><datafield ind1=" " ind2="0" tag="651"><subfield code="a">Henry County (Ohio)</subfield><subfield code="v">Newspapers.</subfield></datafield><datafield ind1=" " ind2="7" tag="655"><subfield code="a">Newspapers.</subfield><subfield code="2">fast</subfield><subfield code="0">(OCoLC)fst01423814</subfield></datafield><datafield ind1=" " ind2="7" tag="651"><subfield code="a">Ohio</subfield><subfield code="z">Henry County.</subfield><subfield code="2">fast</subfield><subfield code="0">(OCoLC)fst01206290</subfield></datafield><datafield ind1=" " ind2="7" tag="651"><subfield code="a">Ohio</subfield><subfield code="z">Napoleon.</subfield><subfield code="2">fast</subfield><subfield code="0">(OCoLC)fst01222386</subfield></datafield><datafield ind1=" " ind2=" " tag="752"><subfield code="a">United States</subfield><subfield code="b">Ohio</subfield><subfield code="c">Henry</subfield><subfield code="d">Napoleon.</subfield></datafield><datafield ind1="0" ind2="0" tag="785"><subfield code="t">Weekly Northwest (Napoleon, Ohio)</subfield><subfield code="w">(DLC)sn 84028295</subfield><subfield code="w">(OCoLC)10921363</subfield></datafield></record>